
   <marc:record>
      <marc:leader>     com a22       a4500</marc:leader>
      <marc:controlfield tag="001">115874763</marc:controlfield>
      <marc:controlfield tag="003">DE-576</marc:controlfield>
      <marc:controlfield tag="005">20141014115858.0</marc:controlfield>
      <marc:controlfield tag="007">ou</marc:controlfield>
      <marc:controlfield tag="008">050209n20uuuuuuxx ||| |      |   b|ger c</marc:controlfield>
      <marc:datafield tag="035" ind1=" " ind2=" ">
         <marc:subfield code="a">(DE-627)1185874763</marc:subfield>
      </marc:datafield>
      <marc:datafield tag="035" ind1=" " ind2=" ">
         <marc:subfield code="a">(DE-576)115874763</marc:subfield>
      </marc:datafield>
      <marc:datafield tag="035" ind1=" " ind2=" ">
         <marc:subfield code="a">(DE-599)BSZ115874763</marc:subfield>
      </marc:datafield>
      <marc:datafield tag="040" ind1=" " ind2=" ">
         <marc:subfield code="a">DE-576</marc:subfield>
         <marc:subfield code="b">ger</marc:subfield>
         <marc:subfield code="c">DE-576</marc:subfield>
         <marc:subfield code="e">rakwb</marc:subfield>
      </marc:datafield>
      <marc:datafield tag="041" ind1=" " ind2=" ">
         <marc:subfield code="a">ger</marc:subfield>
      </marc:datafield>
      <marc:datafield tag="084" ind1=" " ind2=" ">
         <marc:subfield code="a">9,10</marc:subfield>
         <marc:subfield code="2">ssgn</marc:subfield>
      </marc:datafield>
      <marc:datafield tag="084" ind1=" " ind2=" ">
         <marc:subfield code="a">AP 84820</marc:subfield>
         <marc:subfield code="2">rvk</marc:subfield>
         <marc:subfield code="0">(DE-625)rvk/8043:</marc:subfield>
      </marc:datafield>
      <marc:datafield tag="245" ind1="1" ind2="0">
         <marc:subfield code="a">Kunst, Sport und Körper</marc:subfield>
         <marc:subfield code="b">Ge So Lei</marc:subfield>
         <marc:subfield code="c">[Veranstalter: Seminar für Kunstgeschichte, Heinrich-Heine-Universität Düsseldorf ...].  Bd. 1 hrsg. von Hans Körner ... - Bd. 2 hrsg. von Gabriele Genge. - Bd. 3 hrsg. von Angela Stercken</marc:subfield>
      </marc:datafield>
      <marc:datafield tag="246" ind1="3" ind2="3">
         <marc:subfield code="a">Ge So Lei</marc:subfield>
      </marc:datafield>
      <marc:datafield tag="246" ind1="3" ind2="3">
         <marc:subfield code="a">Gesolei</marc:subfield>
      </marc:datafield>
      <marc:datafield tag="264" ind1=" " ind2="1">
         <marc:subfield code="a">Weimar</marc:subfield>
         <marc:subfield code="b">VDG</marc:subfield>
         <marc:subfield code="c">20XX-</marc:subfield>
      </marc:datafield>
      <marc:datafield tag="264" ind1=" " ind2="1">
         <marc:subfield code="a">Ostfildern-Ruit</marc:subfield>
         <marc:subfield code="b">Hatje Cantz$fBd. 1</marc:subfield>
      </marc:datafield>
      <marc:datafield tag="336" ind1=" " ind2=" ">
         <marc:subfield code="a">Text</marc:subfield>
         <marc:subfield code="b">txt</marc:subfield>
         <marc:subfield code="2">rdacontent</marc:subfield>
      </marc:datafield>
      <marc:datafield tag="336" ind1=" " ind2=" ">
         <marc:subfield code="a">unbewegtes Bild</marc:subfield>
         <marc:subfield code="b">sti</marc:subfield>
         <marc:subfield code="2">rdacontent</marc:subfield>
      </marc:datafield>
      <marc:datafield tag="336" ind1=" " ind2=" ">
         <marc:subfield code="a">Sonstige</marc:subfield>
         <marc:subfield code="b">xxx</marc:subfield>
         <marc:subfield code="2">rdacontent</marc:subfield>
      </marc:datafield>
      <marc:datafield tag="337" ind1=" " ind2=" ">
         <marc:subfield code="a">nicht spezifiziert</marc:subfield>
         <marc:subfield code="b">z</marc:subfield>
         <marc:subfield code="2">rdamedia</marc:subfield>
      </marc:datafield>
      <marc:datafield tag="338" ind1=" " ind2=" ">
         <marc:subfield code="a">nicht spezifiziert</marc:subfield>
         <marc:subfield code="b">zu</marc:subfield>
         <marc:subfield code="2">rdacarrier</marc:subfield>
      </marc:datafield>
      <marc:datafield tag="515" ind1=" " ind2=" ">
         <marc:subfield code="a">[1] (2002) -</marc:subfield>
      </marc:datafield>
      <marc:datafield tag="591" ind1=" " ind2=" ">
         <marc:subfield code="a">580: HDUB/s68 ; IMD-Felder und 1131 maschinell ergänzt (SWB)</marc:subfield>
      </marc:datafield>
      <marc:datafield tag="650" ind1=" " ind2="0">
         <marc:subfield code="a">Human figure in art</marc:subfield>
      </marc:datafield>
      <marc:datafield tag="650" ind1=" " ind2="0">
         <marc:subfield code="a">Health in art</marc:subfield>
      </marc:datafield>
      <marc:datafield tag="650" ind1=" " ind2="0">
         <marc:subfield code="a">Sports in art</marc:subfield>
      </marc:datafield>
      <marc:datafield tag="650" ind1=" " ind2="0">
         <marc:subfield code="a">Art, German</marc:subfield>
         <marc:subfield code="x">20th century</marc:subfield>
      </marc:datafield>
      <marc:datafield tag="650" ind1=" " ind2="0">
         <marc:subfield code="a">Germany</marc:subfield>
         <marc:subfield code="x">History</marc:subfield>
         <marc:subfield code="x">1918-1933</marc:subfield>
      </marc:datafield>
      <marc:datafield tag="655" ind1=" " ind2="7">
         <marc:subfield code="a">Aufsatzsammlung</marc:subfield>
         <marc:subfield code="0">(DE-588)4143413-4</marc:subfield>
         <marc:subfield code="0">(DE-627)105605727</marc:subfield>
         <marc:subfield code="0">(DE-576)209726091</marc:subfield>
         <marc:subfield code="2">gnd-content</marc:subfield>
      </marc:datafield>
      <marc:datafield tag="655" ind1=" " ind2="7">
         <marc:subfield code="a">Ausstellungskatalog</marc:subfield>
         <marc:subfield code="0">(DE-588)4135467-9</marc:subfield>
         <marc:subfield code="0">(DE-627)10566491X</marc:subfield>
         <marc:subfield code="0">(DE-576)209660988</marc:subfield>
         <marc:subfield code="2">gnd-content</marc:subfield>
      </marc:datafield>
      <marc:datafield tag="689" ind1="0" ind2="0">
         <marc:subfield code="D">f</marc:subfield>
         <marc:subfield code="0">(DE-588)5188635-2</marc:subfield>
         <marc:subfield code="0">(DE-627)217027385</marc:subfield>
         <marc:subfield code="0">(DE-576)195970101</marc:subfield>
         <marc:subfield code="a">Grosse Ausstellung Düsseldorf für Gesundheitspflege, Soziale Fürsorge und Leibesübungen</marc:subfield>
         <marc:subfield code="d">1926</marc:subfield>
         <marc:subfield code="c">Düsseldorf</marc:subfield>
         <marc:subfield code="2">gnd</marc:subfield>
      </marc:datafield>
      <marc:datafield tag="689" ind1="0" ind2="1">
         <marc:subfield code="D">s</marc:subfield>
         <marc:subfield code="0">(DE-588)4114333-4</marc:subfield>
         <marc:subfield code="0">(DE-627)105822957</marc:subfield>
         <marc:subfield code="0">(DE-576)209483733</marc:subfield>
         <marc:subfield code="a">Kunst</marc:subfield>
         <marc:subfield code="2">gnd</marc:subfield>
      </marc:datafield>
      <marc:datafield tag="689" ind1="0" ind2="2">
         <marc:subfield code="D">s</marc:subfield>
         <marc:subfield code="0">(DE-588)4164424-4</marc:subfield>
         <marc:subfield code="0">(DE-627)105447579</marc:subfield>
         <marc:subfield code="0">(DE-576)20988844X</marc:subfield>
         <marc:subfield code="a">Körper</marc:subfield>
         <marc:subfield code="g">Motiv</marc:subfield>
         <marc:subfield code="2">gnd</marc:subfield>
      </marc:datafield>
      <marc:datafield tag="689" ind1="0" ind2=" ">
         <marc:subfield code="5">(DE-627)</marc:subfield>
      </marc:datafield>
      <marc:datafield tag="700" ind1="1" ind2=" ">
         <marc:subfield code="a">Körner, Hans</marc:subfield>
         <marc:subfield code="d">1951-</marc:subfield>
         <marc:subfield code="e">Hrsg.</marc:subfield>
         <marc:subfield code="0">(DE-588)122837878</marc:subfield>
         <marc:subfield code="0">(DE-627)082184550</marc:subfield>
         <marc:subfield code="0">(DE-576)161774512</marc:subfield>
         <marc:subfield code="4">edt</marc:subfield>
      </marc:datafield>
      <marc:datafield tag="700" ind1="1" ind2=" ">
         <marc:subfield code="a">Genge, Gabriele</marc:subfield>
         <marc:subfield code="d">1965-</marc:subfield>
         <marc:subfield code="e">Hrsg.</marc:subfield>
         <marc:subfield code="0">(DE-588)122749766</marc:subfield>
         <marc:subfield code="0">(DE-627)082132216</marc:subfield>
         <marc:subfield code="0">(DE-576)182867889</marc:subfield>
         <marc:subfield code="4">edt</marc:subfield>
      </marc:datafield>
      <marc:datafield tag="700" ind1="1" ind2=" ">
         <marc:subfield code="a">Stercken, Angela</marc:subfield>
         <marc:subfield code="d">1964-</marc:subfield>
         <marc:subfield code="e">Hrsg.</marc:subfield>
         <marc:subfield code="0">(DE-588)173207197</marc:subfield>
         <marc:subfield code="0">(DE-627)69812748X</marc:subfield>
         <marc:subfield code="0">(DE-576)134057252</marc:subfield>
         <marc:subfield code="4">edt</marc:subfield>
      </marc:datafield>
      <marc:datafield tag="711" ind1="2" ind2=" ">
         <marc:subfield code="a">Ge So Lei</marc:subfield>
         <marc:subfield code="d">2001 - 2003</marc:subfield>
         <marc:subfield code="c">Düsseldorf</marc:subfield>
         <marc:subfield code="0">(DE-588)10049763-9</marc:subfield>
         <marc:subfield code="0">(DE-627)35962152X</marc:subfield>
         <marc:subfield code="0">(DE-576)199354626</marc:subfield>
         <marc:subfield code="4">oth</marc:subfield>
      </marc:datafield>
      <marc:datafield tag="710" ind1="2" ind2=" ">
         <marc:subfield code="a">Heinrich-Heine-Universität Düsseldorf</marc:subfield>
         <marc:subfield code="b">Seminar für Kunstgeschichte</marc:subfield>
         <marc:subfield code="0">(DE-588)2085466-3</marc:subfield>
         <marc:subfield code="0">(DE-627)100215173</marc:subfield>
         <marc:subfield code="0">(DE-576)192528394</marc:subfield>
         <marc:subfield code="4">oth</marc:subfield>
      </marc:datafield>
      <marc:datafield tag="935" ind1=" " ind2=" ">
         <marc:subfield code="a">BGTS</marc:subfield>
      </marc:datafield>
      <marc:datafield tag="936" ind1="r" ind2="v">
         <marc:subfield code="a">AP 84820</marc:subfield>
         <marc:subfield code="b">Tanz und Kunst</marc:subfield>
         <marc:subfield code="k">Allgemeines</marc:subfield>
         <marc:subfield code="k">Medien- und Kommunikationswissenschaften, Kommunikationsdesign</marc:subfield>
         <marc:subfield code="k">Tanz</marc:subfield>
         <marc:subfield code="k">Beziehungen, Ausstrahlungen</marc:subfield>
         <marc:subfield code="k">Tanz und Kunst</marc:subfield>
         <marc:subfield code="0">(DE-627)1270693492</marc:subfield>
         <marc:subfield code="0">(DE-625)rvk/8043:</marc:subfield>
         <marc:subfield code="0">(DE-576)200693492</marc:subfield>
      </marc:datafield>
      <marc:datafield tag="951" ind1=" " ind2=" ">
         <marc:subfield code="a">MC</marc:subfield>
      </marc:datafield>
   </marc:record>