
   <marc:record>
      <marc:leader>     cgm a22        4500</marc:leader>
      <marc:controlfield tag="001">114415471</marc:controlfield>
      <marc:controlfield tag="003">DE-576</marc:controlfield>
      <marc:controlfield tag="005">20210708121805.0</marc:controlfield>
      <marc:controlfield tag="007">vd uvuuuu</marc:controlfield>
      <marc:controlfield tag="008">041111s2000    xx ||| |      |   v|ara c</marc:controlfield>
      <marc:datafield tag="024" ind1="3" ind2=" ">
         <marc:subfield code="a">4010884523881</marc:subfield>
      </marc:datafield>
      <marc:datafield tag="035" ind1=" " ind2=" ">
         <marc:subfield code="a">(DE-627)1184415471</marc:subfield>
      </marc:datafield>
      <marc:datafield tag="035" ind1=" " ind2=" ">
         <marc:subfield code="a">(DE-576)114415471</marc:subfield>
      </marc:datafield>
      <marc:datafield tag="035" ind1=" " ind2=" ">
         <marc:subfield code="a">(DE-599)BSZ114415471</marc:subfield>
      </marc:datafield>
      <marc:datafield tag="040" ind1=" " ind2=" ">
         <marc:subfield code="a">DE-576</marc:subfield>
         <marc:subfield code="b">ger</marc:subfield>
         <marc:subfield code="c">DE-576</marc:subfield>
         <marc:subfield code="e">rda</marc:subfield>
      </marc:datafield>
      <marc:datafield tag="041" ind1=" " ind2=" ">
         <marc:subfield code="a">ara</marc:subfield>
         <marc:subfield code="a">bul</marc:subfield>
         <marc:subfield code="a">dan</marc:subfield>
         <marc:subfield code="a">fin</marc:subfield>
         <marc:subfield code="a">dut</marc:subfield>
         <marc:subfield code="a">ice</marc:subfield>
         <marc:subfield code="a">nor</marc:subfield>
         <marc:subfield code="a">pol</marc:subfield>
         <marc:subfield code="a">rum</marc:subfield>
         <marc:subfield code="a">swe</marc:subfield>
         <marc:subfield code="a">cze</marc:subfield>
         <marc:subfield code="a">tur</marc:subfield>
         <marc:subfield code="a">hun</marc:subfield>
         <marc:subfield code="a">ger</marc:subfield>
         <marc:subfield code="a">eng</marc:subfield>
      </marc:datafield>
      <marc:datafield tag="084" ind1=" " ind2=" ">
         <marc:subfield code="a">AP 59400</marc:subfield>
         <marc:subfield code="2">rvk</marc:subfield>
         <marc:subfield code="0">(DE-625)rvk/7791:658</marc:subfield>
      </marc:datafield>
      <marc:datafield tag="245" ind1="1" ind2="0">
         <marc:subfield code="a">Save the last dance</marc:subfield>
         <marc:subfield code="c">a Thomas Carter film. [Darst.:] Julia Stiles; Sean Patrick Thomas; Terry Kinney ; Music by Mark Isham. Director of photography: Robbie Greenberg. Story by Duane Adler. Screenplay by Duane Adler and Cheryl Edwards. Directed by Thomas Carter</marc:subfield>
      </marc:datafield>
      <marc:datafield tag="264" ind1=" " ind2="1">
         <marc:subfield code="a">Frankfurt/M.</marc:subfield>
         <marc:subfield code="b">Paramount Pictures</marc:subfield>
         <marc:subfield code="c">2000</marc:subfield>
      </marc:datafield>
      <marc:datafield tag="264" ind1=" " ind2="4">
         <marc:subfield code="c">© 2000</marc:subfield>
      </marc:datafield>
      <marc:datafield tag="300" ind1=" " ind2=" ">
         <marc:subfield code="a">1 DVD-Video (108 min)</marc:subfield>
         <marc:subfield code="b">farbig, Dolby digital, Regionalcode 2</marc:subfield>
         <marc:subfield code="c">12 cm</marc:subfield>
      </marc:datafield>
      <marc:datafield tag="336" ind1=" " ind2=" ">
         <marc:subfield code="a">zweidimensionales bewegtes Bild</marc:subfield>
         <marc:subfield code="b">tdi</marc:subfield>
         <marc:subfield code="2">rdacontent</marc:subfield>
      </marc:datafield>
      <marc:datafield tag="337" ind1=" " ind2=" ">
         <marc:subfield code="a">video</marc:subfield>
         <marc:subfield code="b">v</marc:subfield>
         <marc:subfield code="2">rdamedia</marc:subfield>
      </marc:datafield>
      <marc:datafield tag="338" ind1=" " ind2=" ">
         <marc:subfield code="a">Videodisk</marc:subfield>
         <marc:subfield code="b">vd</marc:subfield>
         <marc:subfield code="2">rdacarrier</marc:subfield>
      </marc:datafield>
      <marc:datafield tag="500" ind1=" " ind2=" ">
         <marc:subfield code="a">Spielfilm, USA 2000, Extra Features: Kommentar von Regisseur Thomas Carter, unveröffentlichte Szenen, Making of Featurette, Interviews, Trailer</marc:subfield>
      </marc:datafield>
      <marc:datafield tag="546" ind1=" " ind2=" ">
         <marc:subfield code="a">Sprachen: engl., dt., tschech.</marc:subfield>
      </marc:datafield>
      <marc:datafield tag="546" ind1=" " ind2=" ">
         <marc:subfield code="a">Untertitel: engl. für Hörgeschädigte, engl., arab., bulgar., dän., dt., finn., holländ., isländ., norweg., poln., rumän., schwed., tschech., türk., ungar.</marc:subfield>
      </marc:datafield>
      <marc:datafield tag="655" ind1=" " ind2="7">
         <marc:subfield code="a">Film</marc:subfield>
         <marc:subfield code="0">(DE-588)4017102-4</marc:subfield>
         <marc:subfield code="0">(DE-627)104559683</marc:subfield>
         <marc:subfield code="0">(DE-576)208918531</marc:subfield>
         <marc:subfield code="2">gnd-content</marc:subfield>
      </marc:datafield>
      <marc:datafield tag="655" ind1=" " ind2="7">
         <marc:subfield code="a">DVD-Video</marc:subfield>
         <marc:subfield code="0">(DE-588)4585125-6</marc:subfield>
         <marc:subfield code="0">(DE-627)325263515</marc:subfield>
         <marc:subfield code="0">(DE-576)213973456</marc:subfield>
         <marc:subfield code="2">gnd-carrier</marc:subfield>
      </marc:datafield>
      <marc:datafield tag="700" ind1="1" ind2=" ">
         <marc:subfield code="a">Carter, Thomas</marc:subfield>
         <marc:subfield code="d">1953-</marc:subfield>
         <marc:subfield code="e">RegisseurIn</marc:subfield>
         <marc:subfield code="0">(DE-588)141898127</marc:subfield>
         <marc:subfield code="0">(DE-627)704089394</marc:subfield>
         <marc:subfield code="0">(DE-576)326731652</marc:subfield>
         <marc:subfield code="4">drt</marc:subfield>
      </marc:datafield>
      <marc:datafield tag="700" ind1="1" ind2=" ">
         <marc:subfield code="a">Stiles, Julia</marc:subfield>
         <marc:subfield code="d">1981-</marc:subfield>
         <marc:subfield code="e">SchauspielerIn</marc:subfield>
         <marc:subfield code="0">(DE-588)143637525</marc:subfield>
         <marc:subfield code="0">(DE-627)647714183</marc:subfield>
         <marc:subfield code="0">(DE-576)184140153</marc:subfield>
         <marc:subfield code="4">act</marc:subfield>
      </marc:datafield>
      <marc:datafield tag="700" ind1="1" ind2=" ">
         <marc:subfield code="a">Thomas, Sean Patrick</marc:subfield>
         <marc:subfield code="d">1970-</marc:subfield>
         <marc:subfield code="e">SchauspielerIn</marc:subfield>
         <marc:subfield code="0">(DE-588)141783567</marc:subfield>
         <marc:subfield code="0">(DE-627)704062836</marc:subfield>
         <marc:subfield code="0">(DE-576)325892563</marc:subfield>
         <marc:subfield code="4">act</marc:subfield>
      </marc:datafield>
      <marc:datafield tag="700" ind1="1" ind2=" ">
         <marc:subfield code="a">Kinney, Terry</marc:subfield>
         <marc:subfield code="d">1954-</marc:subfield>
         <marc:subfield code="e">SchauspielerIn</marc:subfield>
         <marc:subfield code="0">(DE-588)143543989</marc:subfield>
         <marc:subfield code="0">(DE-627)647321327</marc:subfield>
         <marc:subfield code="0">(DE-576)177970103</marc:subfield>
         <marc:subfield code="4">act</marc:subfield>
      </marc:datafield>
      <marc:datafield tag="700" ind1="1" ind2=" ">
         <marc:subfield code="a">Adler, Duane</marc:subfield>
         <marc:subfield code="e">DrehbuchautorIn</marc:subfield>
         <marc:subfield code="0">(DE-588)142062642</marc:subfield>
         <marc:subfield code="0">(DE-627)704132435</marc:subfield>
         <marc:subfield code="0">(DE-576)186082398</marc:subfield>
         <marc:subfield code="4">aus</marc:subfield>
      </marc:datafield>
      <marc:datafield tag="700" ind1="1" ind2=" ">
         <marc:subfield code="a">Isham, Mark</marc:subfield>
         <marc:subfield code="d">1951-</marc:subfield>
         <marc:subfield code="e">KomponistIn</marc:subfield>
         <marc:subfield code="0">(DE-588)129579203</marc:subfield>
         <marc:subfield code="0">(DE-627)473356538</marc:subfield>
         <marc:subfield code="0">(DE-576)172956811</marc:subfield>
         <marc:subfield code="4">cmp</marc:subfield>
      </marc:datafield>
      <marc:datafield tag="700" ind1="1" ind2=" ">
         <marc:subfield code="a">Greenberg, Robbie</marc:subfield>
         <marc:subfield code="e">Kameramann/Kamerafrau</marc:subfield>
         <marc:subfield code="0">(DE-588)138698147</marc:subfield>
         <marc:subfield code="0">(DE-627)605257752</marc:subfield>
         <marc:subfield code="0">(DE-576)173740006</marc:subfield>
         <marc:subfield code="4">vdg</marc:subfield>
      </marc:datafield>
      <marc:datafield tag="935" ind1=" " ind2=" ">
         <marc:subfield code="c">vide</marc:subfield>
      </marc:datafield>
      <marc:datafield tag="936" ind1="r" ind2="v">
         <marc:subfield code="a">AP 59400</marc:subfield>
         <marc:subfield code="b">International, Allgemeines</marc:subfield>
         <marc:subfield code="k">Allgemeines</marc:subfield>
         <marc:subfield code="k">Medien- und Kommunikationswissenschaften, Kommunikationsdesign</marc:subfield>
         <marc:subfield code="k">Film</marc:subfield>
         <marc:subfield code="k">Film in einzelnen Ländern</marc:subfield>
         <marc:subfield code="k">Spielfilm</marc:subfield>
         <marc:subfield code="k">International, Allgemeines</marc:subfield>
         <marc:subfield code="0">(DE-627)1270691279</marc:subfield>
         <marc:subfield code="0">(DE-625)rvk/7791:658</marc:subfield>
         <marc:subfield code="0">(DE-576)200691279</marc:subfield>
      </marc:datafield>
      <marc:datafield tag="951" ind1=" " ind2=" ">
         <marc:subfield code="a">BO</marc:subfield>
      </marc:datafield>
   </marc:record>