
   <marc:record>
      <marc:leader>     cjm a22        4500</marc:leader>
      <marc:controlfield tag="001">112603157</marc:controlfield>
      <marc:controlfield tag="003">DE-576</marc:controlfield>
      <marc:controlfield tag="005">20180929101128.0</marc:controlfield>
      <marc:controlfield tag="007">vd uvuuuu</marc:controlfield>
      <marc:controlfield tag="008">040727s2000    xx ||||| |||| |   | und c</marc:controlfield>
      <marc:datafield tag="024" ind1="3" ind2=" ">
         <marc:subfield code="a">4006680100609</marc:subfield>
      </marc:datafield>
      <marc:datafield tag="028" ind1="5" ind2="2">
         <marc:subfield code="a">100 060</marc:subfield>
      </marc:datafield>
      <marc:datafield tag="035" ind1=" " ind2=" ">
         <marc:subfield code="a">(DE-627)1182603157</marc:subfield>
      </marc:datafield>
      <marc:datafield tag="035" ind1=" " ind2=" ">
         <marc:subfield code="a">(DE-576)112603157</marc:subfield>
      </marc:datafield>
      <marc:datafield tag="035" ind1=" " ind2=" ">
         <marc:subfield code="a">(DE-599)BSZ112603157</marc:subfield>
      </marc:datafield>
      <marc:datafield tag="035" ind1=" " ind2=" ">
         <marc:subfield code="a">(OCoLC)298407958</marc:subfield>
      </marc:datafield>
      <marc:datafield tag="035" ind1=" " ind2=" ">
         <marc:subfield code="a">(OCoLC)1050576540</marc:subfield>
      </marc:datafield>
      <marc:datafield tag="040" ind1=" " ind2=" ">
         <marc:subfield code="a">DE-576</marc:subfield>
         <marc:subfield code="b">ger</marc:subfield>
         <marc:subfield code="c">DE-576</marc:subfield>
         <marc:subfield code="e">rakwb</marc:subfield>
      </marc:datafield>
      <marc:datafield tag="082" ind1="0" ind2=" ">
         <marc:subfield code="a">792.842</marc:subfield>
      </marc:datafield>
      <marc:datafield tag="084" ind1=" " ind2=" ">
         <marc:subfield code="a">AP 88150</marc:subfield>
         <marc:subfield code="2">rvk</marc:subfield>
         <marc:subfield code="0">(DE-625)rvk/8105:</marc:subfield>
      </marc:datafield>
      <marc:datafield tag="084" ind1=" " ind2=" ">
         <marc:subfield code="a">AP 88100</marc:subfield>
         <marc:subfield code="2">rvk</marc:subfield>
         <marc:subfield code="0">(DE-625)rvk/8104:</marc:subfield>
      </marc:datafield>
      <marc:datafield tag="245" ind1="1" ind2="0">
         <marc:subfield code="a">Giselle</marc:subfield>
         <marc:subfield code="b">ballet in two acts</marc:subfield>
         <marc:subfield code="c">music by Adolphe Adam. Choreography by Patrice Bart ... Libretto by Theophile Gautier and Vernoy de Saint-Georges. Dir. for video by Alexandre Tarta</marc:subfield>
      </marc:datafield>
      <marc:datafield tag="264" ind1=" " ind2="1">
         <marc:subfield code="a">[S.l.]</marc:subfield>
         <marc:subfield code="b">Kinowelt Home Entertainment</marc:subfield>
         <marc:subfield code="c">[ca. 2000]</marc:subfield>
      </marc:datafield>
      <marc:datafield tag="300" ind1=" " ind2=" ">
         <marc:subfield code="a">1 DVD-Video (Regionalcode 2,5,6, 116 Min.)</marc:subfield>
         <marc:subfield code="b">farb., PCM stereo, dolby digital stereo</marc:subfield>
         <marc:subfield code="c">12 cm</marc:subfield>
         <marc:subfield code="e">Beih.</marc:subfield>
      </marc:datafield>
      <marc:datafield tag="336" ind1=" " ind2=" ">
         <marc:subfield code="a">aufgeführte Musik</marc:subfield>
         <marc:subfield code="b">prm</marc:subfield>
         <marc:subfield code="2">rdacontent</marc:subfield>
      </marc:datafield>
      <marc:datafield tag="336" ind1=" " ind2=" ">
         <marc:subfield code="a">zweidimensionales bewegtes Bild</marc:subfield>
         <marc:subfield code="b">tdi</marc:subfield>
         <marc:subfield code="2">rdacontent</marc:subfield>
      </marc:datafield>
      <marc:datafield tag="337" ind1=" " ind2=" ">
         <marc:subfield code="a">video</marc:subfield>
         <marc:subfield code="b">v</marc:subfield>
         <marc:subfield code="2">rdamedia</marc:subfield>
      </marc:datafield>
      <marc:datafield tag="338" ind1=" " ind2=" ">
         <marc:subfield code="a">Videodisk</marc:subfield>
         <marc:subfield code="b">vd</marc:subfield>
         <marc:subfield code="2">rdacarrier</marc:subfield>
      </marc:datafield>
      <marc:datafield tag="490" ind1="0" ind2=" ">
         <marc:subfield code="a">Arthaus Musik</marc:subfield>
      </marc:datafield>
      <marc:datafield tag="500" ind1=" " ind2=" ">
         <marc:subfield code="a">Ballettaufführung, Italien 1996. - Interpr.: Alessandra Ferri [Giselle]. Massimo Murru [Abrecht]. Maurizio Vanadia [Hilarion]. Marinella Carimati [Giselle's mother]. Bryan Hewison [Wilfried]. Mairizia Luceri [Bathilde]. Matteo Buongiorno [Duke of Courland]. Isabel Seabra [Myrtha] ... Corps de Ballet of the Taeatro alla Scala. Orchestra of the Teatro alla Scala. Paul Connelly [Dir]. - Aufnahme: Live-Mitschnitt Teatro alla Scala</marc:subfield>
      </marc:datafield>
      <marc:datafield tag="591" ind1=" " ind2=" ">
         <marc:subfield code="a">IMD-Felder und 1131 maschinell ergänzt (SWB)</marc:subfield>
      </marc:datafield>
      <marc:datafield tag="655" ind1=" " ind2="7">
         <marc:subfield code="a">Film</marc:subfield>
         <marc:subfield code="0">(DE-588)4017102-4</marc:subfield>
         <marc:subfield code="0">(DE-627)104559683</marc:subfield>
         <marc:subfield code="0">(DE-576)208918531</marc:subfield>
         <marc:subfield code="2">gnd-content</marc:subfield>
      </marc:datafield>
      <marc:datafield tag="655" ind1=" " ind2="7">
         <marc:subfield code="a">DVD-Video</marc:subfield>
         <marc:subfield code="0">(DE-588)4585125-6</marc:subfield>
         <marc:subfield code="0">(DE-627)325263515</marc:subfield>
         <marc:subfield code="0">(DE-576)213973456</marc:subfield>
         <marc:subfield code="2">gnd-carrier</marc:subfield>
      </marc:datafield>
      <marc:datafield tag="700" ind1="1" ind2=" ">
         <marc:subfield code="a">Adam, Adolphe</marc:subfield>
         <marc:subfield code="d">1803-1856</marc:subfield>
         <marc:subfield code="e">Komp.</marc:subfield>
         <marc:subfield code="0">(DE-588)11864372X</marc:subfield>
         <marc:subfield code="0">(DE-627)134623894</marc:subfield>
         <marc:subfield code="0">(DE-576)166319279</marc:subfield>
         <marc:subfield code="4">cmp</marc:subfield>
      </marc:datafield>
      <marc:datafield tag="700" ind1="1" ind2=" ">
         <marc:subfield code="a">Gautier, Théophile</marc:subfield>
         <marc:subfield code="d">1811-1872</marc:subfield>
         <marc:subfield code="0">(DE-588)11853789X</marc:subfield>
         <marc:subfield code="0">(DE-627)133413268</marc:subfield>
         <marc:subfield code="0">(DE-576)161072526</marc:subfield>
         <marc:subfield code="4">oth</marc:subfield>
      </marc:datafield>
      <marc:datafield tag="700" ind1="1" ind2=" ">
         <marc:subfield code="a">Saint-Georges, Henri de</marc:subfield>
         <marc:subfield code="d">1799-1875</marc:subfield>
         <marc:subfield code="0">(DE-588)117390046</marc:subfield>
         <marc:subfield code="0">(DE-627)078818672</marc:subfield>
         <marc:subfield code="0">(DE-576)168292874</marc:subfield>
         <marc:subfield code="4">oth</marc:subfield>
      </marc:datafield>
      <marc:datafield tag="700" ind1="1" ind2=" ">
         <marc:subfield code="a">Tarta, Alexandre</marc:subfield>
         <marc:subfield code="4">oth</marc:subfield>
      </marc:datafield>
      <marc:datafield tag="700" ind1="1" ind2=" ">
         <marc:subfield code="a">Hewison, Bryan</marc:subfield>
         <marc:subfield code="0">(DE-588)1072791870</marc:subfield>
         <marc:subfield code="0">(DE-627)828244197</marc:subfield>
         <marc:subfield code="0">(DE-576)434251747</marc:subfield>
         <marc:subfield code="4">oth</marc:subfield>
      </marc:datafield>
      <marc:datafield tag="700" ind1="1" ind2=" ">
         <marc:subfield code="a">Luceri, Mairizia</marc:subfield>
         <marc:subfield code="4">oth</marc:subfield>
      </marc:datafield>
      <marc:datafield tag="700" ind1="1" ind2=" ">
         <marc:subfield code="a">Buongiorno, Matteo</marc:subfield>
         <marc:subfield code="4">oth</marc:subfield>
      </marc:datafield>
      <marc:datafield tag="700" ind1="1" ind2=" ">
         <marc:subfield code="a">Seabra, Isabel</marc:subfield>
         <marc:subfield code="4">oth</marc:subfield>
      </marc:datafield>
      <marc:datafield tag="700" ind1="1" ind2=" ">
         <marc:subfield code="a">Connelly, Paul</marc:subfield>
         <marc:subfield code="0">(DE-588)141992662</marc:subfield>
         <marc:subfield code="0">(DE-627)632860669</marc:subfield>
         <marc:subfield code="0">(DE-576)327257911</marc:subfield>
         <marc:subfield code="4">prf</marc:subfield>
      </marc:datafield>
      <marc:datafield tag="700" ind1="1" ind2=" ">
         <marc:subfield code="a">Bart, Patrice</marc:subfield>
         <marc:subfield code="d">1945-</marc:subfield>
         <marc:subfield code="0">(DE-588)121281035</marc:subfield>
         <marc:subfield code="0">(DE-627)081201311</marc:subfield>
         <marc:subfield code="0">(DE-576)292624662</marc:subfield>
         <marc:subfield code="4">prf</marc:subfield>
      </marc:datafield>
      <marc:datafield tag="700" ind1="1" ind2=" ">
         <marc:subfield code="a">Ferri, Alessandra</marc:subfield>
         <marc:subfield code="d">1963-</marc:subfield>
         <marc:subfield code="0">(DE-588)120008750</marc:subfield>
         <marc:subfield code="0">(DE-627)080382509</marc:subfield>
         <marc:subfield code="0">(DE-576)173447562</marc:subfield>
         <marc:subfield code="4">prf</marc:subfield>
      </marc:datafield>
      <marc:datafield tag="700" ind1="1" ind2=" ">
         <marc:subfield code="a">Murru, Massimo</marc:subfield>
         <marc:subfield code="0">(DE-588)173775322</marc:subfield>
         <marc:subfield code="0">(DE-627)698679849</marc:subfield>
         <marc:subfield code="0">(DE-576)134615522</marc:subfield>
         <marc:subfield code="4">prf</marc:subfield>
      </marc:datafield>
      <marc:datafield tag="700" ind1="1" ind2=" ">
         <marc:subfield code="a">Vanadia, Maurizio</marc:subfield>
         <marc:subfield code="4">prf</marc:subfield>
      </marc:datafield>
      <marc:datafield tag="700" ind1="1" ind2=" ">
         <marc:subfield code="a">Carimati, Marinella</marc:subfield>
         <marc:subfield code="4">prf</marc:subfield>
      </marc:datafield>
      <marc:datafield tag="710" ind1="2" ind2=" ">
         <marc:subfield code="a">Teatro alla Scala</marc:subfield>
         <marc:subfield code="g">Mailand</marc:subfield>
         <marc:subfield code="b">Corpo di Ballo</marc:subfield>
         <marc:subfield code="0">(DE-588)5551876-X</marc:subfield>
         <marc:subfield code="0">(DE-627)376188839</marc:subfield>
         <marc:subfield code="0">(DE-576)199498547</marc:subfield>
         <marc:subfield code="4">oth</marc:subfield>
      </marc:datafield>
      <marc:datafield tag="710" ind1="2" ind2=" ">
         <marc:subfield code="a">Teatro alla Scala</marc:subfield>
         <marc:subfield code="b">Orchestra</marc:subfield>
         <marc:subfield code="0">(DE-588)800581-3</marc:subfield>
         <marc:subfield code="0">(DE-627)102190046</marc:subfield>
         <marc:subfield code="0">(DE-576)192560980</marc:subfield>
         <marc:subfield code="4">oth</marc:subfield>
      </marc:datafield>
      <marc:datafield tag="935" ind1=" " ind2=" ">
         <marc:subfield code="c">muto</marc:subfield>
         <marc:subfield code="c">vide</marc:subfield>
      </marc:datafield>
      <marc:datafield tag="936" ind1="r" ind2="v">
         <marc:subfield code="a">AP 88150</marc:subfield>
         <marc:subfield code="b">Inszenierung, Kritik</marc:subfield>
         <marc:subfield code="k">Allgemeines</marc:subfield>
         <marc:subfield code="k">Medien- und Kommunikationswissenschaften, Kommunikationsdesign</marc:subfield>
         <marc:subfield code="k">Tanz</marc:subfield>
         <marc:subfield code="k">Ballett</marc:subfield>
         <marc:subfield code="k">Inszenierung, Kritik</marc:subfield>
         <marc:subfield code="0">(DE-627)1270694049</marc:subfield>
         <marc:subfield code="0">(DE-625)rvk/8105:</marc:subfield>
         <marc:subfield code="0">(DE-576)200694049</marc:subfield>
      </marc:datafield>
      <marc:datafield tag="936" ind1="r" ind2="v">
         <marc:subfield code="a">AP 88100</marc:subfield>
         <marc:subfield code="b">Choreografie, Dramaturgie, Libretto, Regie</marc:subfield>
         <marc:subfield code="k">Allgemeines</marc:subfield>
         <marc:subfield code="k">Medien- und Kommunikationswissenschaften, Kommunikationsdesign</marc:subfield>
         <marc:subfield code="k">Tanz</marc:subfield>
         <marc:subfield code="k">Ballett</marc:subfield>
         <marc:subfield code="k">Choreografie, Dramaturgie, Libretto, Regie</marc:subfield>
         <marc:subfield code="0">(DE-627)1270694030</marc:subfield>
         <marc:subfield code="0">(DE-625)rvk/8104:</marc:subfield>
         <marc:subfield code="0">(DE-576)200694030</marc:subfield>
      </marc:datafield>
      <marc:datafield tag="951" ind1=" " ind2=" ">
         <marc:subfield code="a">BO</marc:subfield>
      </marc:datafield>
   </marc:record>