
   <marc:record>
      <marc:leader>     ccm a22        4500</marc:leader>
      <marc:controlfield tag="001">112517854</marc:controlfield>
      <marc:controlfield tag="003">DE-576</marc:controlfield>
      <marc:controlfield tag="005">20181009090310.0</marc:controlfield>
      <marc:controlfield tag="007">qu</marc:controlfield>
      <marc:controlfield tag="008">040721s1989    xx ||||| |||| ||| | ger c</marc:controlfield>
      <marc:datafield tag="035" ind1=" " ind2=" ">
         <marc:subfield code="a">(DE-627)1182517854</marc:subfield>
      </marc:datafield>
      <marc:datafield tag="035" ind1=" " ind2=" ">
         <marc:subfield code="a">(DE-576)112517854</marc:subfield>
      </marc:datafield>
      <marc:datafield tag="035" ind1=" " ind2=" ">
         <marc:subfield code="a">(DE-599)BSZ112517854</marc:subfield>
      </marc:datafield>
      <marc:datafield tag="035" ind1=" " ind2=" ">
         <marc:subfield code="a">(OCoLC)314830597</marc:subfield>
      </marc:datafield>
      <marc:datafield tag="040" ind1=" " ind2=" ">
         <marc:subfield code="a">DE-576</marc:subfield>
         <marc:subfield code="b">ger</marc:subfield>
         <marc:subfield code="c">DE-576</marc:subfield>
         <marc:subfield code="e">rda</marc:subfield>
      </marc:datafield>
      <marc:datafield tag="041" ind1=" " ind2=" ">
         <marc:subfield code="a">ger</marc:subfield>
      </marc:datafield>
      <marc:datafield tag="084" ind1=" " ind2=" ">
         <marc:subfield code="a">LC 86015</marc:subfield>
         <marc:subfield code="2">rvk</marc:subfield>
         <marc:subfield code="0">(DE-625)rvk/90698:778</marc:subfield>
      </marc:datafield>
      <marc:datafield tag="245" ind1="1" ind2="0">
         <marc:subfield code="a">Kornsegen</marc:subfield>
         <marc:subfield code="b">Liedersammlung in Vokal- und Instrumentalsätzen</marc:subfield>
         <marc:subfield code="c">herausgegeben von der Walter-Hensel-Gesellschaft München. Zusammengestellt und geschrieben von Karl Josef Pimmer, Buchschmuck Josef Lidl</marc:subfield>
      </marc:datafield>
      <marc:datafield tag="264" ind1=" " ind2="1">
         <marc:subfield code="a">Abensberg</marc:subfield>
         <marc:subfield code="b">Selbstverlag Karl Pimmer</marc:subfield>
         <marc:subfield code="c">1989</marc:subfield>
      </marc:datafield>
      <marc:datafield tag="300" ind1=" " ind2=" ">
         <marc:subfield code="a">123 Seiten</marc:subfield>
         <marc:subfield code="b">Illustrationen</marc:subfield>
      </marc:datafield>
      <marc:datafield tag="336" ind1=" " ind2=" ">
         <marc:subfield code="a">Noten</marc:subfield>
         <marc:subfield code="b">ntm</marc:subfield>
         <marc:subfield code="2">rdacontent</marc:subfield>
      </marc:datafield>
      <marc:datafield tag="337" ind1=" " ind2=" ">
         <marc:subfield code="a">ohne Hilfsmittel zu benutzen</marc:subfield>
         <marc:subfield code="b">n</marc:subfield>
         <marc:subfield code="2">rdamedia</marc:subfield>
      </marc:datafield>
      <marc:datafield tag="338" ind1=" " ind2=" ">
         <marc:subfield code="a">Band</marc:subfield>
         <marc:subfield code="b">nc</marc:subfield>
         <marc:subfield code="2">rdacarrier</marc:subfield>
      </marc:datafield>
      <marc:datafield tag="500" ind1=" " ind2=" ">
         <marc:subfield code="a">Für 1-4 Stimmen, meist mit Instrumenten</marc:subfield>
      </marc:datafield>
      <marc:datafield tag="700" ind1="1" ind2=" ">
         <marc:subfield code="a">Pimmer, Karl Josef</marc:subfield>
         <marc:subfield code="e">ZusammenstellendeR</marc:subfield>
         <marc:subfield code="4">com</marc:subfield>
      </marc:datafield>
      <marc:datafield tag="700" ind1="1" ind2=" ">
         <marc:subfield code="a">Lidl, Josef</marc:subfield>
         <marc:subfield code="e">IllustratorIn</marc:subfield>
         <marc:subfield code="4">ill</marc:subfield>
      </marc:datafield>
      <marc:datafield tag="710" ind1="2" ind2=" ">
         <marc:subfield code="a">Walther-Hensel-Gesellschaft</marc:subfield>
         <marc:subfield code="e">Herausgebendes Organ</marc:subfield>
         <marc:subfield code="0">(DE-588)2101384-6</marc:subfield>
         <marc:subfield code="0">(DE-627)10091943X</marc:subfield>
         <marc:subfield code="0">(DE-576)193090198</marc:subfield>
         <marc:subfield code="4">isb</marc:subfield>
      </marc:datafield>
      <marc:datafield tag="935" ind1=" " ind2=" ">
         <marc:subfield code="c">muno</marc:subfield>
      </marc:datafield>
      <marc:datafield tag="936" ind1="r" ind2="v">
         <marc:subfield code="a">LC 86015</marc:subfield>
         <marc:subfield code="b">Deutschland insgesamt</marc:subfield>
         <marc:subfield code="k">Ethnologie</marc:subfield>
         <marc:subfield code="k">Kunst und Wissen</marc:subfield>
         <marc:subfield code="k">Theater-, Musik- und Kunstethnologie</marc:subfield>
         <marc:subfield code="k">Lied und Gesang</marc:subfield>
         <marc:subfield code="k">Europa</marc:subfield>
         <marc:subfield code="k">Mitteleuropa</marc:subfield>
         <marc:subfield code="k">Deutschland</marc:subfield>
         <marc:subfield code="k">Deutschland insgesamt</marc:subfield>
         <marc:subfield code="0">(DE-627)1271512742</marc:subfield>
         <marc:subfield code="0">(DE-625)rvk/90698:778</marc:subfield>
         <marc:subfield code="0">(DE-576)201512742</marc:subfield>
      </marc:datafield>
      <marc:datafield tag="951" ind1=" " ind2=" ">
         <marc:subfield code="a">BO</marc:subfield>
      </marc:datafield>
   </marc:record>