
   <marc:record>
      <marc:leader>     cjm a22        4500</marc:leader>
      <marc:controlfield tag="001">11230267X</marc:controlfield>
      <marc:controlfield tag="003">DE-576</marc:controlfield>
      <marc:controlfield tag="005">20180725123835.0</marc:controlfield>
      <marc:controlfield tag="007">sd uuuuuuuuuuu</marc:controlfield>
      <marc:controlfield tag="008">040709s2004    xx ||||| |||| |   | und c</marc:controlfield>
      <marc:datafield tag="035" ind1=" " ind2=" ">
         <marc:subfield code="a">(DE-627)118230267X</marc:subfield>
      </marc:datafield>
      <marc:datafield tag="035" ind1=" " ind2=" ">
         <marc:subfield code="a">(DE-576)11230267X</marc:subfield>
      </marc:datafield>
      <marc:datafield tag="035" ind1=" " ind2=" ">
         <marc:subfield code="a">(DE-599)BSZ11230267X</marc:subfield>
      </marc:datafield>
      <marc:datafield tag="035" ind1=" " ind2=" ">
         <marc:subfield code="a">(OCoLC)314694774</marc:subfield>
      </marc:datafield>
      <marc:datafield tag="035" ind1=" " ind2=" ">
         <marc:subfield code="a">(OCoLC)1027063688</marc:subfield>
      </marc:datafield>
      <marc:datafield tag="040" ind1=" " ind2=" ">
         <marc:subfield code="a">DE-576</marc:subfield>
         <marc:subfield code="b">ger</marc:subfield>
         <marc:subfield code="c">DE-576</marc:subfield>
         <marc:subfield code="e">rakwb</marc:subfield>
      </marc:datafield>
      <marc:datafield tag="084" ind1=" " ind2=" ">
         <marc:subfield code="a">LW 54037</marc:subfield>
         <marc:subfield code="2">rvk</marc:subfield>
         <marc:subfield code="0">(DE-625)rvk/115531:13535</marc:subfield>
      </marc:datafield>
      <marc:datafield tag="100" ind1="1" ind2=" ">
         <marc:subfield code="a">Herzer, Rudolf</marc:subfield>
         <marc:subfield code="d">1905-1990</marc:subfield>
         <marc:subfield code="0">(DE-588)129258261</marc:subfield>
         <marc:subfield code="0">(DE-627)707192196</marc:subfield>
         <marc:subfield code="0">(DE-576)161404049</marc:subfield>
         <marc:subfield code="4">aut</marc:subfield>
      </marc:datafield>
      <marc:datafield tag="245" ind1="1" ind2="0">
         <marc:subfield code="a">Hoch Heidecksburg!</marc:subfield>
         <marc:subfield code="b">Marsch; op. 10</marc:subfield>
         <marc:subfield code="c">Rudolf Herzer</marc:subfield>
      </marc:datafield>
      <marc:datafield tag="250" ind1=" " ind2=" ">
         <marc:subfield code="a">Sonder-Ed.</marc:subfield>
      </marc:datafield>
      <marc:datafield tag="264" ind1=" " ind2="1">
         <marc:subfield code="a">[S.l.]</marc:subfield>
         <marc:subfield code="c">2004</marc:subfield>
      </marc:datafield>
      <marc:datafield tag="300" ind1=" " ind2=" ">
         <marc:subfield code="a">1 CD</marc:subfield>
         <marc:subfield code="c">12 cm</marc:subfield>
      </marc:datafield>
      <marc:datafield tag="336" ind1=" " ind2=" ">
         <marc:subfield code="a">aufgeführte Musik</marc:subfield>
         <marc:subfield code="b">prm</marc:subfield>
         <marc:subfield code="2">rdacontent</marc:subfield>
      </marc:datafield>
      <marc:datafield tag="337" ind1=" " ind2=" ">
         <marc:subfield code="a">audio</marc:subfield>
         <marc:subfield code="b">s</marc:subfield>
         <marc:subfield code="2">rdamedia</marc:subfield>
      </marc:datafield>
      <marc:datafield tag="338" ind1=" " ind2=" ">
         <marc:subfield code="a">Audiodisk</marc:subfield>
         <marc:subfield code="b">sd</marc:subfield>
         <marc:subfield code="2">rdacarrier</marc:subfield>
      </marc:datafield>
      <marc:datafield tag="500" ind1=" " ind2=" ">
         <marc:subfield code="a">Sonder-Edition zum 90. Todestag des Komp. am 20. Okt. 2004. - Beilage im TFF-Programmheft 2004. - Enth.: 9 Versionen des Marsches. - Interpr.: Thüringer Symphoniker Saalfeld-Rudolstadt. Oliver Weber [Ltg]. Rudi Knabl [Zth]. Dieter &amp; Elfriede Spanier [26er Deleika Notenbandorgel]. Schäl Sick Brass Band. Josef Gräfer [Pfeifen]. Animatic Tanzrolle Nr. 58542 der Firma Hupfeld, Leipzig. Musikkorps der Militärakademie "Friedrich Engels" Dresden. Christian Menzel [Dir]. Mandolinenorchester 1919 e.V. Rudolstadt. Hannes Grübler [Dir]. Cäsar &amp; Die Abtnaundorfer Tauben</marc:subfield>
      </marc:datafield>
      <marc:datafield tag="591" ind1=" " ind2=" ">
         <marc:subfield code="a">IMD-Felder und 1131 maschinell ergänzt (SWB)</marc:subfield>
      </marc:datafield>
      <marc:datafield tag="655" ind1=" " ind2="7">
         <marc:subfield code="a">CD</marc:subfield>
         <marc:subfield code="0">(DE-588)4522869-3</marc:subfield>
         <marc:subfield code="0">(DE-627)251637565</marc:subfield>
         <marc:subfield code="0">(DE-576)213310740</marc:subfield>
         <marc:subfield code="2">gnd-carrier</marc:subfield>
      </marc:datafield>
      <marc:datafield tag="700" ind1="1" ind2=" ">
         <marc:subfield code="a">Weber, Oliver</marc:subfield>
         <marc:subfield code="d">1967-</marc:subfield>
         <marc:subfield code="0">(DE-588)121361055</marc:subfield>
         <marc:subfield code="0">(DE-627)081256760</marc:subfield>
         <marc:subfield code="0">(DE-576)181508435</marc:subfield>
         <marc:subfield code="4">prf</marc:subfield>
      </marc:datafield>
      <marc:datafield tag="700" ind1="1" ind2=" ">
         <marc:subfield code="a">Knabl, Rudi</marc:subfield>
         <marc:subfield code="d">1912-2001</marc:subfield>
         <marc:subfield code="0">(DE-588)124554989</marc:subfield>
         <marc:subfield code="0">(DE-627)363418172</marc:subfield>
         <marc:subfield code="0">(DE-576)176707387</marc:subfield>
         <marc:subfield code="4">prf</marc:subfield>
      </marc:datafield>
      <marc:datafield tag="700" ind1="1" ind2=" ">
         <marc:subfield code="a">Gräfer, Josef</marc:subfield>
         <marc:subfield code="4">prf</marc:subfield>
      </marc:datafield>
      <marc:datafield tag="700" ind1="1" ind2=" ">
         <marc:subfield code="a">Menzel, Christian</marc:subfield>
         <marc:subfield code="4">prf</marc:subfield>
      </marc:datafield>
      <marc:datafield tag="700" ind1="1" ind2=" ">
         <marc:subfield code="a">Grübler, Hannes</marc:subfield>
         <marc:subfield code="d">1950-2014</marc:subfield>
         <marc:subfield code="0">(DE-588)143110055</marc:subfield>
         <marc:subfield code="0">(DE-627)704392208</marc:subfield>
         <marc:subfield code="0">(DE-576)188021477</marc:subfield>
         <marc:subfield code="4">prf</marc:subfield>
      </marc:datafield>
      <marc:datafield tag="700" ind1="1" ind2=" ">
         <marc:subfield code="a">Spanier, Dieter</marc:subfield>
         <marc:subfield code="4">prf</marc:subfield>
      </marc:datafield>
      <marc:datafield tag="700" ind1="1" ind2=" ">
         <marc:subfield code="a">Spanier, Elfriede</marc:subfield>
         <marc:subfield code="4">prf</marc:subfield>
      </marc:datafield>
      <marc:datafield tag="710" ind1="2" ind2=" ">
         <marc:subfield code="a">Thüringer Symphoniker Saalfeld-Rudolstadt</marc:subfield>
         <marc:subfield code="0">(DE-588)10050709-8</marc:subfield>
         <marc:subfield code="0">(DE-627)363904719</marc:subfield>
         <marc:subfield code="0">(DE-576)199374805</marc:subfield>
         <marc:subfield code="4">oth</marc:subfield>
      </marc:datafield>
      <marc:datafield tag="710" ind1="2" ind2=" ">
         <marc:subfield code="a">Schäl Sick Brass Band</marc:subfield>
         <marc:subfield code="0">(DE-588)5561697-5</marc:subfield>
         <marc:subfield code="0">(DE-627)470995653</marc:subfield>
         <marc:subfield code="0">(DE-576)199904375</marc:subfield>
         <marc:subfield code="4">oth</marc:subfield>
      </marc:datafield>
      <marc:datafield tag="710" ind1="2" ind2=" ">
         <marc:subfield code="a">Militärakademie Friedrich Engels</marc:subfield>
         <marc:subfield code="b">Musikkorps</marc:subfield>
         <marc:subfield code="0">(DE-588)5561698-7</marc:subfield>
         <marc:subfield code="0">(DE-627)714100870</marc:subfield>
         <marc:subfield code="0">(DE-576)199904383</marc:subfield>
         <marc:subfield code="4">oth</marc:subfield>
      </marc:datafield>
      <marc:datafield tag="710" ind1="2" ind2=" ">
         <marc:subfield code="a">Mandolinenorchester Wanderlust 1919</marc:subfield>
         <marc:subfield code="g">Rudolstadt</marc:subfield>
         <marc:subfield code="0">(DE-588)5561699-9</marc:subfield>
         <marc:subfield code="0">(DE-627)714100889</marc:subfield>
         <marc:subfield code="0">(DE-576)199904391</marc:subfield>
         <marc:subfield code="4">oth</marc:subfield>
      </marc:datafield>
      <marc:datafield tag="710" ind1="2" ind2=" ">
         <marc:subfield code="a">Cäsar &amp; Die Abtnaundorfer Tauben</marc:subfield>
         <marc:subfield code="0">(DE-588)5561700-1</marc:subfield>
         <marc:subfield code="0">(DE-627)714100897</marc:subfield>
         <marc:subfield code="0">(DE-576)199904405</marc:subfield>
         <marc:subfield code="4">oth</marc:subfield>
      </marc:datafield>
      <marc:datafield tag="935" ind1=" " ind2=" ">
         <marc:subfield code="c">muto</marc:subfield>
      </marc:datafield>
      <marc:datafield tag="936" ind1="r" ind2="v">
         <marc:subfield code="a">LW 54037</marc:subfield>
         <marc:subfield code="b">20. Jahrhundert</marc:subfield>
         <marc:subfield code="k">Musikwissenschaft</marc:subfield>
         <marc:subfield code="k">III. Tonträger</marc:subfield>
         <marc:subfield code="k">Sachteil: Tonträger (einschl. Realien mit geographischem Bezug)</marc:subfield>
         <marc:subfield code="k">Musikalische Gattungen, Formen, Termini</marc:subfield>
         <marc:subfield code="k">Einzelne Gattungen und Formen:</marc:subfield>
         <marc:subfield code="k">Gattungen und Formen M</marc:subfield>
         <marc:subfield code="k">Marsch</marc:subfield>
         <marc:subfield code="k">20. Jahrhundert</marc:subfield>
         <marc:subfield code="0">(DE-627)1441305645</marc:subfield>
         <marc:subfield code="0">(DE-625)rvk/115531:13535</marc:subfield>
         <marc:subfield code="0">(DE-576)371305640</marc:subfield>
      </marc:datafield>
      <marc:datafield tag="951" ind1=" " ind2=" ">
         <marc:subfield code="a">BO</marc:subfield>
      </marc:datafield>
   </marc:record>