
   <marc:record>
      <marc:leader>     cam a22       b4500</marc:leader>
      <marc:controlfield tag="001">111961882</marc:controlfield>
      <marc:controlfield tag="003">DE-576</marc:controlfield>
      <marc:controlfield tag="005">20201117043508.0</marc:controlfield>
      <marc:controlfield tag="007">tu</marc:controlfield>
      <marc:controlfield tag="008">040622s2004    xx |||||      00| ||ger c</marc:controlfield>
      <marc:datafield tag="020" ind1=" " ind2=" ">
         <marc:subfield code="a">3890071341</marc:subfield>
         <marc:subfield code="9">3-89007-134-1</marc:subfield>
      </marc:datafield>
      <marc:datafield tag="035" ind1=" " ind2=" ">
         <marc:subfield code="a">(DE-627)1181961882</marc:subfield>
      </marc:datafield>
      <marc:datafield tag="035" ind1=" " ind2=" ">
         <marc:subfield code="a">(DE-576)111961882</marc:subfield>
      </marc:datafield>
      <marc:datafield tag="035" ind1=" " ind2=" ">
         <marc:subfield code="a">(DE-599)BSZ111961882</marc:subfield>
      </marc:datafield>
      <marc:datafield tag="035" ind1=" " ind2=" ">
         <marc:subfield code="a">(OCoLC)56118645</marc:subfield>
      </marc:datafield>
      <marc:datafield tag="035" ind1=" " ind2=" ">
         <marc:subfield code="a">(OCoLC)231986983</marc:subfield>
      </marc:datafield>
      <marc:datafield tag="040" ind1=" " ind2=" ">
         <marc:subfield code="a">DE-576</marc:subfield>
         <marc:subfield code="b">ger</marc:subfield>
         <marc:subfield code="c">DE-576</marc:subfield>
         <marc:subfield code="e">rakwb</marc:subfield>
      </marc:datafield>
      <marc:datafield tag="041" ind1=" " ind2=" ">
         <marc:subfield code="a">ger</marc:subfield>
      </marc:datafield>
      <marc:datafield tag="082" ind1="0" ind2=" ">
         <marc:subfield code="a">782.1/09/032</marc:subfield>
      </marc:datafield>
      <marc:datafield tag="084" ind1=" " ind2=" ">
         <marc:subfield code="a">LR 53050</marc:subfield>
         <marc:subfield code="2">rvk</marc:subfield>
         <marc:subfield code="0">(DE-625)rvk/109475:</marc:subfield>
      </marc:datafield>
      <marc:datafield tag="084" ind1=" " ind2=" ">
         <marc:subfield code="a">LR 54171</marc:subfield>
         <marc:subfield code="2">rvk</marc:subfield>
         <marc:subfield code="0">(DE-625)rvk/109639:</marc:subfield>
      </marc:datafield>
      <marc:datafield tag="084" ind1=" " ind2=" ">
         <marc:subfield code="a">AP 72600</marc:subfield>
         <marc:subfield code="2">rvk</marc:subfield>
         <marc:subfield code="0">(DE-625)rvk/7911:</marc:subfield>
      </marc:datafield>
      <marc:datafield tag="084" ind1=" " ind2=" ">
         <marc:subfield code="a">LP 19000</marc:subfield>
         <marc:subfield code="2">rvk</marc:subfield>
         <marc:subfield code="0">(DE-625)rvk/105949:</marc:subfield>
      </marc:datafield>
      <marc:datafield tag="100" ind1="1" ind2=" ">
         <marc:subfield code="a">Leopold, Silke</marc:subfield>
         <marc:subfield code="d">1948-</marc:subfield>
         <marc:subfield code="0">(DE-588)118027646</marc:subfield>
         <marc:subfield code="0">(DE-627)079199542</marc:subfield>
         <marc:subfield code="0">(DE-576)161962408</marc:subfield>
         <marc:subfield code="4">aut</marc:subfield>
      </marc:datafield>
      <marc:datafield tag="245" ind1="1" ind2="4">
         <marc:subfield code="a">Die Oper im 17. Jahrhundert</marc:subfield>
         <marc:subfield code="c">Silke Leopold</marc:subfield>
      </marc:datafield>
      <marc:datafield tag="246" ind1="3" ind2="0">
         <marc:subfield code="a">siebzehnten</marc:subfield>
      </marc:datafield>
      <marc:datafield tag="264" ind1=" " ind2="1">
         <marc:subfield code="a">Laaber</marc:subfield>
         <marc:subfield code="b">Laaber-Verl.</marc:subfield>
         <marc:subfield code="c">2004</marc:subfield>
      </marc:datafield>
      <marc:datafield tag="300" ind1=" " ind2=" ">
         <marc:subfield code="a">342 S.</marc:subfield>
         <marc:subfield code="b">Ill., Notenbeisp.</marc:subfield>
      </marc:datafield>
      <marc:datafield tag="336" ind1=" " ind2=" ">
         <marc:subfield code="a">Text</marc:subfield>
         <marc:subfield code="b">txt</marc:subfield>
         <marc:subfield code="2">rdacontent</marc:subfield>
      </marc:datafield>
      <marc:datafield tag="337" ind1=" " ind2=" ">
         <marc:subfield code="a">ohne Hilfsmittel zu benutzen</marc:subfield>
         <marc:subfield code="b">n</marc:subfield>
         <marc:subfield code="2">rdamedia</marc:subfield>
      </marc:datafield>
      <marc:datafield tag="338" ind1=" " ind2=" ">
         <marc:subfield code="a">Band</marc:subfield>
         <marc:subfield code="b">nc</marc:subfield>
         <marc:subfield code="2">rdacarrier</marc:subfield>
      </marc:datafield>
      <marc:datafield tag="490" ind1="1" ind2=" ">
         <marc:subfield code="a">Handbuch der musikalischen Gattungen / hrsg. von Siegfried Mauser</marc:subfield>
         <marc:subfield code="v">11</marc:subfield>
      </marc:datafield>
      <marc:datafield tag="591" ind1=" " ind2=" ">
         <marc:subfield code="a">580,720,721 ddsu/srl ; IMD-Felder und 1131 maschinell ergänzt (SWB)</marc:subfield>
      </marc:datafield>
      <marc:datafield tag="689" ind1="0" ind2="0">
         <marc:subfield code="D">s</marc:subfield>
         <marc:subfield code="0">(DE-588)4043582-9</marc:subfield>
         <marc:subfield code="0">(DE-627)106208969</marc:subfield>
         <marc:subfield code="0">(DE-576)209056703</marc:subfield>
         <marc:subfield code="a">Oper</marc:subfield>
         <marc:subfield code="2">gnd</marc:subfield>
      </marc:datafield>
      <marc:datafield tag="689" ind1="0" ind2="1">
         <marc:subfield code="A">z</marc:subfield>
         <marc:subfield code="2">gnd</marc:subfield>
         <marc:subfield code="a">Geschichte 1600-1700</marc:subfield>
      </marc:datafield>
      <marc:datafield tag="689" ind1="0" ind2=" ">
         <marc:subfield code="5">(DE-627)</marc:subfield>
      </marc:datafield>
      <marc:datafield tag="830" ind1=" " ind2="0">
         <marc:subfield code="a">Handbuch der musikalischen Gattungen</marc:subfield>
         <marc:subfield code="v">11</marc:subfield>
         <marc:subfield code="9">11</marc:subfield>
         <marc:subfield code="w">(DE-627)1083200461</marc:subfield>
         <marc:subfield code="w">(DE-576)013200461</marc:subfield>
      </marc:datafield>
      <marc:datafield tag="856" ind1="4" ind2="2">
         <marc:subfield code="u">http://d-nb.info/971625956/04</marc:subfield>
         <marc:subfield code="m">V:DE-603</marc:subfield>
         <marc:subfield code="q">application/pdf</marc:subfield>
         <marc:subfield code="3">Inhaltsverzeichnis</marc:subfield>
      </marc:datafield>
      <marc:datafield tag="936" ind1="r" ind2="v">
         <marc:subfield code="a">LR 53050</marc:subfield>
         <marc:subfield code="b">Gesamtdarstellungen und zusammenhängende Darstellungen mehrerer Gattungen und Formen</marc:subfield>
         <marc:subfield code="k">Musikwissenschaft</marc:subfield>
         <marc:subfield code="k">I. Musica theoretica</marc:subfield>
         <marc:subfield code="k">Sachteil: Musica theoretica (einschl. Realien mit geographischem Bezug)</marc:subfield>
         <marc:subfield code="k">Musikalische Gattungen, Formen, Termini</marc:subfield>
         <marc:subfield code="k">Gesamtdarstellungen und zusammenhängende Darstellungen mehrerer Gattungen und Formen</marc:subfield>
         <marc:subfield code="0">(DE-627)1270708392</marc:subfield>
         <marc:subfield code="0">(DE-625)rvk/109475:</marc:subfield>
         <marc:subfield code="0">(DE-576)200708392</marc:subfield>
      </marc:datafield>
      <marc:datafield tag="936" ind1="r" ind2="v">
         <marc:subfield code="a">LR 54171</marc:subfield>
         <marc:subfield code="b">Geschichte der Oper in einzelnen Epochen</marc:subfield>
         <marc:subfield code="k">Musikwissenschaft</marc:subfield>
         <marc:subfield code="k">I. Musica theoretica</marc:subfield>
         <marc:subfield code="k">Sachteil: Musica theoretica (einschl. Realien mit geographischem Bezug)</marc:subfield>
         <marc:subfield code="k">Musikalische Gattungen, Formen, Termini</marc:subfield>
         <marc:subfield code="k">Einzelne Gattungen und Formen:</marc:subfield>
         <marc:subfield code="k">Gattungen und Formen O</marc:subfield>
         <marc:subfield code="k">Oper</marc:subfield>
         <marc:subfield code="k">Geschichte der Oper in einzelnen Epochen</marc:subfield>
         <marc:subfield code="0">(DE-627)1270878719</marc:subfield>
         <marc:subfield code="0">(DE-625)rvk/109639:</marc:subfield>
         <marc:subfield code="0">(DE-576)200878719</marc:subfield>
      </marc:datafield>
      <marc:datafield tag="936" ind1="r" ind2="v">
         <marc:subfield code="a">AP 72600</marc:subfield>
         <marc:subfield code="b">Geschichte</marc:subfield>
         <marc:subfield code="k">Allgemeines</marc:subfield>
         <marc:subfield code="k">Medien- und Kommunikationswissenschaften, Kommunikationsdesign</marc:subfield>
         <marc:subfield code="k">Theater</marc:subfield>
         <marc:subfield code="k">Musiktheater</marc:subfield>
         <marc:subfield code="k">Geschichte</marc:subfield>
         <marc:subfield code="0">(DE-627)1270692348</marc:subfield>
         <marc:subfield code="0">(DE-625)rvk/7911:</marc:subfield>
         <marc:subfield code="0">(DE-576)200692348</marc:subfield>
      </marc:datafield>
      <marc:datafield tag="936" ind1="r" ind2="v">
         <marc:subfield code="a">LP 19000</marc:subfield>
         <marc:subfield code="b">Handbücher der Musikwissenschaft (systematische Darstellungen)</marc:subfield>
         <marc:subfield code="k">Musikwissenschaft</marc:subfield>
         <marc:subfield code="k">I. Musica theoretica</marc:subfield>
         <marc:subfield code="k">Allgemeines</marc:subfield>
         <marc:subfield code="k">Handbücher und Einführungen</marc:subfield>
         <marc:subfield code="k">Handbücher der Musikwissenschaft (systematische Darstellungen)</marc:subfield>
         <marc:subfield code="0">(DE-627)1270919040</marc:subfield>
         <marc:subfield code="0">(DE-625)rvk/105949:</marc:subfield>
         <marc:subfield code="0">(DE-576)200919040</marc:subfield>
      </marc:datafield>
      <marc:datafield tag="951" ind1=" " ind2=" ">
         <marc:subfield code="a">MV</marc:subfield>
      </marc:datafield>
   </marc:record>