
   <marc:record>
      <marc:leader>     cjm a22       c4500</marc:leader>
      <marc:controlfield tag="001">10882442X</marc:controlfield>
      <marc:controlfield tag="003">DE-576</marc:controlfield>
      <marc:controlfield tag="005">20180803104254.0</marc:controlfield>
      <marc:controlfield tag="007">sd uuuuuuuuuuu</marc:controlfield>
      <marc:controlfield tag="008">031215s2003    xx ||||| |||| |   | und c</marc:controlfield>
      <marc:datafield tag="028" ind1="5" ind2="2">
         <marc:subfield code="a">Fidula-CD 8831</marc:subfield>
      </marc:datafield>
      <marc:datafield tag="035" ind1=" " ind2=" ">
         <marc:subfield code="a">(DE-627)117882442X</marc:subfield>
      </marc:datafield>
      <marc:datafield tag="035" ind1=" " ind2=" ">
         <marc:subfield code="a">(DE-576)10882442X</marc:subfield>
      </marc:datafield>
      <marc:datafield tag="035" ind1=" " ind2=" ">
         <marc:subfield code="a">(DE-599)BSZ10882442X</marc:subfield>
      </marc:datafield>
      <marc:datafield tag="035" ind1=" " ind2=" ">
         <marc:subfield code="a">(OCoLC)314411554</marc:subfield>
      </marc:datafield>
      <marc:datafield tag="035" ind1=" " ind2=" ">
         <marc:subfield code="a">(OCoLC)1043839998</marc:subfield>
      </marc:datafield>
      <marc:datafield tag="040" ind1=" " ind2=" ">
         <marc:subfield code="a">DE-576</marc:subfield>
         <marc:subfield code="b">ger</marc:subfield>
         <marc:subfield code="c">DE-576</marc:subfield>
         <marc:subfield code="e">rakwb</marc:subfield>
      </marc:datafield>
      <marc:datafield tag="245" ind1="1" ind2="0">
         <marc:subfield code="a">Spass mit Mozart und Picasso</marc:subfield>
         <marc:subfield code="n">[CD]</marc:subfield>
         <marc:subfield code="c">Ingrid Engel</marc:subfield>
      </marc:datafield>
      <marc:datafield tag="264" ind1=" " ind2="1">
         <marc:subfield code="a">Boppard/Rhein</marc:subfield>
         <marc:subfield code="b">Fidula</marc:subfield>
         <marc:subfield code="c">2003</marc:subfield>
      </marc:datafield>
      <marc:datafield tag="300" ind1=" " ind2=" ">
         <marc:subfield code="a">1 CD</marc:subfield>
         <marc:subfield code="b">stereo</marc:subfield>
         <marc:subfield code="c">12 cm</marc:subfield>
      </marc:datafield>
      <marc:datafield tag="336" ind1=" " ind2=" ">
         <marc:subfield code="a">aufgeführte Musik</marc:subfield>
         <marc:subfield code="b">prm</marc:subfield>
         <marc:subfield code="2">rdacontent</marc:subfield>
      </marc:datafield>
      <marc:datafield tag="337" ind1=" " ind2=" ">
         <marc:subfield code="a">audio</marc:subfield>
         <marc:subfield code="b">s</marc:subfield>
         <marc:subfield code="2">rdamedia</marc:subfield>
      </marc:datafield>
      <marc:datafield tag="338" ind1=" " ind2=" ">
         <marc:subfield code="a">Audiodisk</marc:subfield>
         <marc:subfield code="b">sd</marc:subfield>
         <marc:subfield code="2">rdacarrier</marc:subfield>
      </marc:datafield>
      <marc:datafield tag="501" ind1=" " ind2=" ">
         <marc:subfield code="a">Aquarium : aus Karneval der Tiere / Camille Saint-Saëns [Le carnaval des animaux &lt;Aquarium&gt;]</marc:subfield>
      </marc:datafield>
      <marc:datafield tag="501" ind1=" " ind2=" ">
         <marc:subfield code="a">Der Schwan : aus Karneval der Tiere / Camille Saint-Saëns [Le carnaval des animaux &lt;Le cygne&gt;]</marc:subfield>
      </marc:datafield>
      <marc:datafield tag="501" ind1=" " ind2=" ">
         <marc:subfield code="a">Ebbe und Flut / Victor Batscheff ...</marc:subfield>
      </marc:datafield>
      <marc:datafield tag="501" ind1=" " ind2=" ">
         <marc:subfield code="a">Metamorphosis two / Philip Glass [Metamorphosen / Ausw.]</marc:subfield>
      </marc:datafield>
      <marc:datafield tag="501" ind1=" " ind2=" ">
         <marc:subfield code="a">Materialklang / Siegfried Fink</marc:subfield>
      </marc:datafield>
      <marc:datafield tag="501" ind1=" " ind2=" ">
         <marc:subfield code="a">Chinesischer Tanz : aus Der Nussknacker / Peter I. Tschaikowsky [Scelkuncik / Ausw.]</marc:subfield>
      </marc:datafield>
      <marc:datafield tag="501" ind1=" " ind2=" ">
         <marc:subfield code="a">Morgenstimmung / Edvard Grieg [Peer Gynt-suite, op. 46 &lt;Morgenstemning&gt;]</marc:subfield>
      </marc:datafield>
      <marc:datafield tag="501" ind1=" " ind2=" ">
         <marc:subfield code="a">Musikzirkus / Luis Steiner</marc:subfield>
      </marc:datafield>
      <marc:datafield tag="501" ind1=" " ind2=" ">
         <marc:subfield code="a">Hommage à Johann Sebastian Bach / Béla Bartók</marc:subfield>
      </marc:datafield>
      <marc:datafield tag="501" ind1=" " ind2=" ">
         <marc:subfield code="a">Ura Acha = Israelische Hora</marc:subfield>
      </marc:datafield>
      <marc:datafield tag="501" ind1=" " ind2=" ">
         <marc:subfield code="a">Branle simple / Pierre Phalèse</marc:subfield>
      </marc:datafield>
      <marc:datafield tag="501" ind1=" " ind2=" ">
         <marc:subfield code="a">Branle gay / Pierre Phalèse</marc:subfield>
      </marc:datafield>
      <marc:datafield tag="501" ind1=" " ind2=" ">
         <marc:subfield code="a">Pavane / Pierre Attaignant</marc:subfield>
      </marc:datafield>
      <marc:datafield tag="501" ind1=" " ind2=" ">
         <marc:subfield code="a">Kontratanz C-Dur KV 609 Nr. 1 / Wolfgang Amadeus Mozart [Kontertänze KV 609, 1]</marc:subfield>
      </marc:datafield>
      <marc:datafield tag="501" ind1=" " ind2=" ">
         <marc:subfield code="a">La terre de l'eau : aus Les Élémens / Jean-Féry Rebel [Les @éléments &lt;La terre de l'eau&gt;]</marc:subfield>
      </marc:datafield>
      <marc:datafield tag="501" ind1=" " ind2=" ">
         <marc:subfield code="a">Chaconne Le feu : aus Les Élémens / Jean-Féry Rebel [Les @éléments &lt;Le feu&gt;]</marc:subfield>
      </marc:datafield>
      <marc:datafield tag="501" ind1=" " ind2=" ">
         <marc:subfield code="a">Ramage L'air : aus Les Élémens / Jean-Féry Rebel [Les @éléments &lt;L'air&gt;]</marc:subfield>
      </marc:datafield>
      <marc:datafield tag="591" ind1=" " ind2=" ">
         <marc:subfield code="a">IMD-Felder und 1131 maschinell ergänzt (SWB)</marc:subfield>
      </marc:datafield>
      <marc:datafield tag="655" ind1=" " ind2="7">
         <marc:subfield code="a">CD</marc:subfield>
         <marc:subfield code="0">(DE-588)4522869-3</marc:subfield>
         <marc:subfield code="0">(DE-627)251637565</marc:subfield>
         <marc:subfield code="0">(DE-576)213310740</marc:subfield>
         <marc:subfield code="2">gnd-carrier</marc:subfield>
      </marc:datafield>
      <marc:datafield tag="700" ind1="1" ind2=" ">
         <marc:subfield code="a">Saint-Saëns, Camille</marc:subfield>
         <marc:subfield code="d">1835-1921</marc:subfield>
         <marc:subfield code="0">(DE-588)11875081X</marc:subfield>
         <marc:subfield code="0">(DE-627)134590686</marc:subfield>
         <marc:subfield code="0">(DE-576)162842112</marc:subfield>
         <marc:subfield code="4">oth</marc:subfield>
      </marc:datafield>
      <marc:datafield tag="700" ind1="1" ind2=" ">
         <marc:subfield code="a">Mozart, Wolfgang Amadeus</marc:subfield>
         <marc:subfield code="d">1756-1791</marc:subfield>
         <marc:subfield code="0">(DE-588)118584596</marc:subfield>
         <marc:subfield code="0">(DE-627)133447332</marc:subfield>
         <marc:subfield code="0">(DE-576)16230370X</marc:subfield>
         <marc:subfield code="4">oth</marc:subfield>
      </marc:datafield>
      <marc:datafield tag="700" ind1="1" ind2=" ">
         <marc:subfield code="a">Rebel, Jean-Féry</marc:subfield>
         <marc:subfield code="d">1666-1747</marc:subfield>
         <marc:subfield code="0">(DE-588)119277557</marc:subfield>
         <marc:subfield code="0">(DE-627)080082912</marc:subfield>
         <marc:subfield code="0">(DE-576)168845237</marc:subfield>
         <marc:subfield code="4">oth</marc:subfield>
      </marc:datafield>
      <marc:datafield tag="700" ind1="1" ind2=" ">
         <marc:subfield code="a">Batscheff, Victor</marc:subfield>
         <marc:subfield code="4">oth</marc:subfield>
      </marc:datafield>
      <marc:datafield tag="700" ind1="1" ind2=" ">
         <marc:subfield code="a">Glass, Philip</marc:subfield>
         <marc:subfield code="d">1937-</marc:subfield>
         <marc:subfield code="0">(DE-588)11895864X</marc:subfield>
         <marc:subfield code="0">(DE-627)079738001</marc:subfield>
         <marc:subfield code="0">(DE-576)164775455</marc:subfield>
         <marc:subfield code="4">oth</marc:subfield>
      </marc:datafield>
      <marc:datafield tag="700" ind1="1" ind2=" ">
         <marc:subfield code="a">Fink, Siegfried</marc:subfield>
         <marc:subfield code="d">1928-2006</marc:subfield>
         <marc:subfield code="0">(DE-588)120392593</marc:subfield>
         <marc:subfield code="0">(DE-627)080646220</marc:subfield>
         <marc:subfield code="0">(DE-576)215729374</marc:subfield>
         <marc:subfield code="4">oth</marc:subfield>
      </marc:datafield>
      <marc:datafield tag="700" ind1="1" ind2=" ">
         <marc:subfield code="a">Čajkovskij, Pëtr Ilʹič</marc:subfield>
         <marc:subfield code="d">1840-1893</marc:subfield>
         <marc:subfield code="0">(DE-588)118638157</marc:subfield>
         <marc:subfield code="0">(DE-627)13458452X</marc:subfield>
         <marc:subfield code="0">(DE-576)160001935</marc:subfield>
         <marc:subfield code="4">oth</marc:subfield>
      </marc:datafield>
      <marc:datafield tag="700" ind1="1" ind2=" ">
         <marc:subfield code="a">Steiner, Luis</marc:subfield>
         <marc:subfield code="0">(DE-588)134617568</marc:subfield>
         <marc:subfield code="0">(DE-627)69245179X</marc:subfield>
         <marc:subfield code="0">(DE-576)316915769</marc:subfield>
         <marc:subfield code="4">oth</marc:subfield>
      </marc:datafield>
      <marc:datafield tag="700" ind1="1" ind2=" ">
         <marc:subfield code="a">Bartók, Béla</marc:subfield>
         <marc:subfield code="d">1881-1945</marc:subfield>
         <marc:subfield code="0">(DE-588)118506900</marc:subfield>
         <marc:subfield code="0">(DE-627)134590155</marc:subfield>
         <marc:subfield code="0">(DE-576)160183898</marc:subfield>
         <marc:subfield code="4">oth</marc:subfield>
      </marc:datafield>
      <marc:datafield tag="700" ind1="1" ind2=" ">
         <marc:subfield code="a">Phalèse, Pierre</marc:subfield>
         <marc:subfield code="4">oth</marc:subfield>
      </marc:datafield>
      <marc:datafield tag="700" ind1="1" ind2=" ">
         <marc:subfield code="a">Attaingnant, Pierre</marc:subfield>
         <marc:subfield code="d">1494-1552</marc:subfield>
         <marc:subfield code="0">(DE-588)123996066</marc:subfield>
         <marc:subfield code="0">(DE-627)085572853</marc:subfield>
         <marc:subfield code="0">(DE-576)215809556</marc:subfield>
         <marc:subfield code="4">oth</marc:subfield>
      </marc:datafield>
      <marc:datafield tag="773" ind1="1" ind2="8">
         <marc:subfield code="w">(DE-627)1178823768</marc:subfield>
         <marc:subfield code="w">(DE-576)108823768</marc:subfield>
         <marc:subfield code="g">[CD]</marc:subfield>
         <marc:subfield code="q">[CD]</marc:subfield>
         <marc:subfield code="7">|||m</marc:subfield>
      </marc:datafield>
      <marc:datafield tag="935" ind1=" " ind2=" ">
         <marc:subfield code="c">muto</marc:subfield>
      </marc:datafield>
      <marc:datafield tag="951" ind1=" " ind2=" ">
         <marc:subfield code="a">MV</marc:subfield>
      </marc:datafield>
   </marc:record>