
   <marc:record>
      <marc:leader>     ccm a22     2  4500</marc:leader>
      <marc:controlfield tag="001">107571269</marc:controlfield>
      <marc:controlfield tag="003">DE-576</marc:controlfield>
      <marc:controlfield tag="005">20201221150026.0</marc:controlfield>
      <marc:controlfield tag="007">qu</marc:controlfield>
      <marc:controlfield tag="008">031020s1929    xx ||||| |||| ||| | und c</marc:controlfield>
      <marc:datafield tag="024" ind1="8" ind2=" ">
         <marc:subfield code="a">Ufaton 1004</marc:subfield>
         <marc:subfield code="q">Sonstige Nr.</marc:subfield>
      </marc:datafield>
      <marc:datafield tag="024" ind1="8" ind2=" ">
         <marc:subfield code="a">Ufaton 1005</marc:subfield>
         <marc:subfield code="q">Sonstige Nr.</marc:subfield>
      </marc:datafield>
      <marc:datafield tag="024" ind1="8" ind2=" ">
         <marc:subfield code="a">Ufaton 1009</marc:subfield>
         <marc:subfield code="q">Sonstige Nr.</marc:subfield>
      </marc:datafield>
      <marc:datafield tag="024" ind1="8" ind2=" ">
         <marc:subfield code="a">Ufaton 1007</marc:subfield>
         <marc:subfield code="q">Sonstige Nr.</marc:subfield>
      </marc:datafield>
      <marc:datafield tag="035" ind1=" " ind2=" ">
         <marc:subfield code="a">(DE-627)1177571269</marc:subfield>
      </marc:datafield>
      <marc:datafield tag="035" ind1=" " ind2=" ">
         <marc:subfield code="a">(DE-576)107571269</marc:subfield>
      </marc:datafield>
      <marc:datafield tag="035" ind1=" " ind2=" ">
         <marc:subfield code="a">(DE-599)BSZ107571269</marc:subfield>
      </marc:datafield>
      <marc:datafield tag="035" ind1=" " ind2=" ">
         <marc:subfield code="a">(OCoLC)314465910</marc:subfield>
      </marc:datafield>
      <marc:datafield tag="040" ind1=" " ind2=" ">
         <marc:subfield code="a">DE-576</marc:subfield>
         <marc:subfield code="b">ger</marc:subfield>
         <marc:subfield code="c">DE-576</marc:subfield>
         <marc:subfield code="e">rakwb</marc:subfield>
      </marc:datafield>
      <marc:datafield tag="245" ind1="1" ind2="0">
         <marc:subfield code="a">Liebeswalzer - Tonfilm-Operette der Erich-Pommer-Produktion der Ufa</marc:subfield>
         <marc:subfield code="b">Inhalt ...: 1. "Liebeswalzer"; 2. "Du bist das süßeste Mädel der Welt!"; 3. "Bobby"; 4. "O.K.-Lied"</marc:subfield>
         <marc:subfield code="c">von Hans Müller und Robert Liebmann. Regie: Wilhelm Thiele. Musik von Werner Richard Heymann</marc:subfield>
      </marc:datafield>
      <marc:datafield tag="264" ind1=" " ind2="1">
         <marc:subfield code="a">Berlin</marc:subfield>
         <marc:subfield code="b">Ufaton-Verl.</marc:subfield>
         <marc:subfield code="c">[ca. 1929]</marc:subfield>
      </marc:datafield>
      <marc:datafield tag="300" ind1=" " ind2=" ">
         <marc:subfield code="a">9 S.</marc:subfield>
      </marc:datafield>
      <marc:datafield tag="336" ind1=" " ind2=" ">
         <marc:subfield code="a">Noten</marc:subfield>
         <marc:subfield code="b">ntm</marc:subfield>
         <marc:subfield code="2">rdacontent</marc:subfield>
      </marc:datafield>
      <marc:datafield tag="337" ind1=" " ind2=" ">
         <marc:subfield code="a">ohne Hilfsmittel zu benutzen</marc:subfield>
         <marc:subfield code="b">n</marc:subfield>
         <marc:subfield code="2">rdamedia</marc:subfield>
      </marc:datafield>
      <marc:datafield tag="338" ind1=" " ind2=" ">
         <marc:subfield code="a">Band</marc:subfield>
         <marc:subfield code="b">nc</marc:subfield>
         <marc:subfield code="2">rdacarrier</marc:subfield>
      </marc:datafield>
      <marc:datafield tag="583" ind1="1" ind2=" ">
         <marc:subfield code="a">Archivierung/Langzeitarchivierung geplant</marc:subfield>
         <marc:subfield code="c">20200919</marc:subfield>
         <marc:subfield code="f">DE-640</marc:subfield>
         <marc:subfield code="z">1</marc:subfield>
         <marc:subfield code="2">pdager</marc:subfield>
      </marc:datafield>
      <marc:datafield tag="591" ind1=" " ind2=" ">
         <marc:subfield code="a">IMD-Felder und 1131 maschinell ergänzt (SWB)</marc:subfield>
      </marc:datafield>
      <marc:datafield tag="700" ind1="1" ind2=" ">
         <marc:subfield code="a">Müller, Hans</marc:subfield>
         <marc:subfield code="0">(DE-627)1232313610</marc:subfield>
         <marc:subfield code="0">(DE-576)162313616</marc:subfield>
         <marc:subfield code="4">oth</marc:subfield>
      </marc:datafield>
      <marc:datafield tag="700" ind1="1" ind2=" ">
         <marc:subfield code="a">Liebmann, Robert</marc:subfield>
         <marc:subfield code="d">1890-1942</marc:subfield>
         <marc:subfield code="0">(DE-588)13893620X</marc:subfield>
         <marc:subfield code="0">(DE-627)607405139</marc:subfield>
         <marc:subfield code="0">(DE-576)161989241</marc:subfield>
         <marc:subfield code="4">oth</marc:subfield>
      </marc:datafield>
      <marc:datafield tag="700" ind1="1" ind2=" ">
         <marc:subfield code="a">Thiele, Wilhelm</marc:subfield>
         <marc:subfield code="d">1890-1975</marc:subfield>
         <marc:subfield code="0">(DE-588)124979513</marc:subfield>
         <marc:subfield code="0">(DE-627)36961979X</marc:subfield>
         <marc:subfield code="0">(DE-576)294600396</marc:subfield>
         <marc:subfield code="4">oth</marc:subfield>
      </marc:datafield>
      <marc:datafield tag="700" ind1="1" ind2=" ">
         <marc:subfield code="a">Heymann, Werner Richard</marc:subfield>
         <marc:subfield code="d">1896-1961</marc:subfield>
         <marc:subfield code="0">(DE-588)11944111X</marc:subfield>
         <marc:subfield code="0">(DE-627)352193883</marc:subfield>
         <marc:subfield code="0">(DE-576)168719320</marc:subfield>
         <marc:subfield code="4">oth</marc:subfield>
      </marc:datafield>
      <marc:datafield tag="850" ind1=" " ind2=" ">
         <marc:subfield code="a">ab</marc:subfield>
      </marc:datafield>
      <marc:datafield tag="935" ind1=" " ind2=" ">
         <marc:subfield code="c">muno</marc:subfield>
      </marc:datafield>
      <marc:datafield tag="951" ind1=" " ind2=" ">
         <marc:subfield code="a">BO</marc:subfield>
      </marc:datafield>
   </marc:record>