
   <marc:record>
      <marc:leader>     com a22       a4500</marc:leader>
      <marc:controlfield tag="001">104422475</marc:controlfield>
      <marc:controlfield tag="003">DE-576</marc:controlfield>
      <marc:controlfield tag="005">20210503221637.0</marc:controlfield>
      <marc:controlfield tag="007">ou</marc:controlfield>
      <marc:controlfield tag="008">030428n20uuuuuuxx ||| |      |   b|ger c</marc:controlfield>
      <marc:datafield tag="035" ind1=" " ind2=" ">
         <marc:subfield code="a">(DE-627)1174422475</marc:subfield>
      </marc:datafield>
      <marc:datafield tag="035" ind1=" " ind2=" ">
         <marc:subfield code="a">(DE-576)104422475</marc:subfield>
      </marc:datafield>
      <marc:datafield tag="035" ind1=" " ind2=" ">
         <marc:subfield code="a">(DE-599)BSZ104422475</marc:subfield>
      </marc:datafield>
      <marc:datafield tag="040" ind1=" " ind2=" ">
         <marc:subfield code="a">DE-576</marc:subfield>
         <marc:subfield code="b">ger</marc:subfield>
         <marc:subfield code="c">DE-576</marc:subfield>
         <marc:subfield code="e">rakwb</marc:subfield>
      </marc:datafield>
      <marc:datafield tag="041" ind1=" " ind2=" ">
         <marc:subfield code="a">ger</marc:subfield>
      </marc:datafield>
      <marc:datafield tag="084" ind1=" " ind2=" ">
         <marc:subfield code="a">AP 86600</marc:subfield>
         <marc:subfield code="2">rvk</marc:subfield>
         <marc:subfield code="0">(DE-625)rvk/8074:</marc:subfield>
      </marc:datafield>
      <marc:datafield tag="084" ind1=" " ind2=" ">
         <marc:subfield code="a">AP 86700</marc:subfield>
         <marc:subfield code="2">rvk</marc:subfield>
         <marc:subfield code="0">(DE-625)rvk/8076:</marc:subfield>
      </marc:datafield>
      <marc:datafield tag="084" ind1=" " ind2=" ">
         <marc:subfield code="a">AP 86850</marc:subfield>
         <marc:subfield code="2">rvk</marc:subfield>
         <marc:subfield code="0">(DE-625)rvk/8079:</marc:subfield>
      </marc:datafield>
      <marc:datafield tag="245" ind1="1" ind2="0">
         <marc:subfield code="a">Sitztänze</marc:subfield>
         <marc:subfield code="b">zu Melodien aus aller Welt: Klassik, Schlager und Folklore</marc:subfield>
         <marc:subfield code="c">Bettina John u. Edith Theis</marc:subfield>
      </marc:datafield>
      <marc:datafield tag="264" ind1=" " ind2="1">
         <marc:subfield code="a">Boppard</marc:subfield>
         <marc:subfield code="b">Fidula</marc:subfield>
         <marc:subfield code="c">20XX-</marc:subfield>
      </marc:datafield>
      <marc:datafield tag="336" ind1=" " ind2=" ">
         <marc:subfield code="a">Sonstige</marc:subfield>
         <marc:subfield code="b">xxx</marc:subfield>
         <marc:subfield code="2">rdacontent</marc:subfield>
      </marc:datafield>
      <marc:datafield tag="337" ind1=" " ind2=" ">
         <marc:subfield code="a">nicht spezifiziert</marc:subfield>
         <marc:subfield code="b">z</marc:subfield>
         <marc:subfield code="2">rdamedia</marc:subfield>
      </marc:datafield>
      <marc:datafield tag="338" ind1=" " ind2=" ">
         <marc:subfield code="a">nicht spezifiziert</marc:subfield>
         <marc:subfield code="b">zu</marc:subfield>
         <marc:subfield code="2">rdacarrier</marc:subfield>
      </marc:datafield>
      <marc:datafield tag="591" ind1=" " ind2=" ">
         <marc:subfield code="a">IMD-Felder und 1131 maschinell ergänzt (SWB)</marc:subfield>
      </marc:datafield>
      <marc:datafield tag="700" ind1="1" ind2=" ">
         <marc:subfield code="a">John, Bettina</marc:subfield>
         <marc:subfield code="d">1954-</marc:subfield>
         <marc:subfield code="0">(DE-588)124787541</marc:subfield>
         <marc:subfield code="0">(DE-627)706712358</marc:subfield>
         <marc:subfield code="0">(DE-576)179610368</marc:subfield>
         <marc:subfield code="4">oth</marc:subfield>
      </marc:datafield>
      <marc:datafield tag="700" ind1="1" ind2=" ">
         <marc:subfield code="a">Theis, Edith</marc:subfield>
         <marc:subfield code="d">1937-</marc:subfield>
         <marc:subfield code="0">(DE-588)124787576</marc:subfield>
         <marc:subfield code="0">(DE-627)706712374</marc:subfield>
         <marc:subfield code="0">(DE-576)186306784</marc:subfield>
         <marc:subfield code="4">oth</marc:subfield>
      </marc:datafield>
      <marc:datafield tag="936" ind1="r" ind2="v">
         <marc:subfield code="a">AP 86600</marc:subfield>
         <marc:subfield code="b">Repertoire</marc:subfield>
         <marc:subfield code="k">Allgemeines</marc:subfield>
         <marc:subfield code="k">Medien- und Kommunikationswissenschaften, Kommunikationsdesign</marc:subfield>
         <marc:subfield code="k">Tanz</marc:subfield>
         <marc:subfield code="k">Laientanz</marc:subfield>
         <marc:subfield code="k">Repertoire</marc:subfield>
         <marc:subfield code="0">(DE-627)127069376X</marc:subfield>
         <marc:subfield code="0">(DE-625)rvk/8074:</marc:subfield>
         <marc:subfield code="0">(DE-576)20069376X</marc:subfield>
      </marc:datafield>
      <marc:datafield tag="936" ind1="r" ind2="v">
         <marc:subfield code="a">AP 86700</marc:subfield>
         <marc:subfield code="b">Gruppentanz, Tanzgruppen</marc:subfield>
         <marc:subfield code="k">Allgemeines</marc:subfield>
         <marc:subfield code="k">Medien- und Kommunikationswissenschaften, Kommunikationsdesign</marc:subfield>
         <marc:subfield code="k">Tanz</marc:subfield>
         <marc:subfield code="k">Laientanz</marc:subfield>
         <marc:subfield code="k">Gruppentanz, Tanzgruppen</marc:subfield>
         <marc:subfield code="0">(DE-627)1270693786</marc:subfield>
         <marc:subfield code="0">(DE-625)rvk/8076:</marc:subfield>
         <marc:subfield code="0">(DE-576)200693786</marc:subfield>
      </marc:datafield>
      <marc:datafield tag="936" ind1="r" ind2="v">
         <marc:subfield code="a">AP 86850</marc:subfield>
         <marc:subfield code="b">Bewegungschor</marc:subfield>
         <marc:subfield code="k">Allgemeines</marc:subfield>
         <marc:subfield code="k">Medien- und Kommunikationswissenschaften, Kommunikationsdesign</marc:subfield>
         <marc:subfield code="k">Tanz</marc:subfield>
         <marc:subfield code="k">Laientanz</marc:subfield>
         <marc:subfield code="k">Bewegungschor</marc:subfield>
         <marc:subfield code="0">(DE-627)1270693816</marc:subfield>
         <marc:subfield code="0">(DE-625)rvk/8079:</marc:subfield>
         <marc:subfield code="0">(DE-576)200693816</marc:subfield>
      </marc:datafield>
      <marc:datafield tag="951" ind1=" " ind2=" ">
         <marc:subfield code="a">MC</marc:subfield>
      </marc:datafield>
   </marc:record>